<?xml version="1.0" encoding="UTF-8"?><collection xmlns="http://www.loc.gov/MARC21/slim"><record><leader>00630nam--2200229-u-4500</leader><controlfield tag="001">000050508</controlfield><controlfield tag="002">20161230</controlfield><controlfield tag="003">81826</controlfield><controlfield tag="005">20161230201048</controlfield><controlfield tag="008">070904s1000------------r-----000-0-eng-d</controlfield><datafield ind1=" " ind2=" " tag="020"><subfield code="a">9810232705</subfield></datafield><datafield ind1=" " ind2=" " tag="040"><subfield code="a">IFIN-HH</subfield></datafield><datafield ind1=" " ind2=" " tag="080"><subfield code="a">538.9:539.2:539.12</subfield></datafield><datafield ind1="1" ind2=" " tag="100"><subfield code="a">De Gennes,Pierre-Gilles</subfield></datafield><datafield ind1="1" ind2="0" tag="245"><subfield code="a">Simple Views on Condensed Matter</subfield><subfield code="c">Pierre-Gilles De Gennes</subfield></datafield><datafield ind1=" " ind2=" " tag="250"><subfield code="a">Second Edition</subfield></datafield><datafield ind1=" " ind2=" " tag="260"><subfield code="a">Singapore</subfield><subfield code="b">World Scientific</subfield><subfield code="c">1998</subfield></datafield><datafield ind1=" " ind2=" " tag="300"><subfield code="a">489 p</subfield></datafield><datafield ind1=" " ind2=" " tag="490"><subfield code="a">Series in Modern Condensed Matter</subfield><subfield code="v">Vol.8</subfield></datafield><datafield ind1=" " ind2="4" tag="650"><subfield code="a">Conducting polymers</subfield></datafield><datafield ind1=" " ind2=" " tag="852"><subfield code="a">81826</subfield><subfield code="c">538.9</subfield></datafield><datafield ind1=" " ind2=" " tag="CAT"><subfield code="a">Sys</subfield><subfield code="c">20110104</subfield><subfield code="h">121840</subfield></datafield></record></collection>